@inproceedings{acarold,
  title={You are not your developer, either: A research agenda for usable security and privacy research beyond end users},
  author={Acar, Yasemin and Fahl, Sascha and Mazurek, Michelle L},
  booktitle={Cybersecurity Development (SecDev), IEEE},
  pages={3--8},
  year={2016},
  organization={IEEE}
}
@inproceedings{acar,
  title={Comparing the usability of cryptographic apis},
  author={Acar, Yasemin and Backes, Michael and Fahl, Sascha and Garfinkel, Simson and Kim, Doowon and Mazurek, Michelle L and Stransky, Christian},
  booktitle={Security and Privacy (SP), 2017 IEEE Symposium on},
  pages={154--171},
  year={2017},
  organization={IEEE}
}
@inproceedings{acargit,
  title={Security Developer Studies with GitHub Users: Exploring a Convenience Sample},
  author={Acar, Yasemin and Stransky, Christian and Wermke, Dominik and Mazurek, Michelle and Fahl, Sascha},
  booktitle={Symposium on Usable Privacy and Security (SOUPS)},
  year={2017}
}
@article{lavery1997comparison,
  title={Comparison of evaluation methods using structured usability problem reports},
  author={Lavery, Darryn and Cockton, Gilbert and Atkinson, Malcolm P},
  journal={Behaviour \& Information Technology},
  volume={16},
  number={4-5},
  pages={246--266},
  year={1997},
  publisher={Taylor \& Francis}
}
@article{manual,
  title={Manual or electronic? The role of coding in qualitative data analysis},
  author={Basit, Tehmina},
  journal={Educational research},
  volume={45},
  number={2},
  pages={143--154},
  year={2003},
  publisher={Taylor \& Francis}
}
@inproceedings{bathia2011assisting,
  title={Assisting programmers resolving vulnerabilities in Java web applications},
  author={Bathia, Pranjal and Beerelli, Bharath Reddy and Laverdi{\`e}re, Marc-Andr{\'e}},
  booktitle={International Conference on Computer Science and Information Technology},
  pages={268--279},
  year={2011},
  organization={Springer}
}
@inproceedings{georgiev,
  title={The most dangerous code in the world: validating SSL certificates in non-browser software},
  author={Georgiev, Martin and Iyengar, Subodh and Jana, Suman and Anubhai, Rishita and Boneh, Dan and Shmatikov, Vitaly},
  booktitle={Proceedings of the 2012 ACM Conference on Computer and Communications Security},
  pages={38--49},
  year={2012},
  organization={ACM}
}
@inproceedings{gorski,
  title={Towards the Usability Evaluation of Security APIs.},
  author={Gorski, Peter Leo and Iacono, Luigi Lo},
  booktitle={HAISA},
  pages={252--265},
  year={2016}
}
@article{green2016developers,
  title={Developers are not the enemy!: The need for usable security apis},
  author={Green, Matthew and Smith, Matthew},
  journal={IEEE Security \& Privacy},
  volume={14},
  number={5},
  pages={40--46},
  year={2016},
  publisher={IEEE}
}
@article{hydara2015current,
  title={Current state of research on cross-site scripting (XSS)--A systematic literature review},
  author={Hydara, Isatou and Sultan, Abu Bakar Md and Zulzalil, Hazura and Admodisastro, Novia},
  journal={Information and Software Technology},
  volume={58},
  pages={170--186},
  year={2015},
  publisher={Elsevier}
}

@inproceedings{mindermann,
  title={Are easily usable security libraries possible and how should experts work together to create them?},
  author={Mindermann, Kai},
  booktitle={Proceedings of the 9th international workshop on cooperative and human aspects of software engineering},
  pages={62--63},
  year={2016},
  organization={ACM}
}
@misc{owasp10application,
  title={OWASP Top 10 - 2017 ; The Ten Most Critical Web Application Security Risks},
  author={OWASP},
  year={2017}
}
@misc{owasp10xss,
  title={Cross Site Scripting (XSS)},
  author={OWASP},
  howpublished = {\url{https://www.owasp.org/index.php/Cross-site_Scripting_(XSS)}},
  note = {Accessed: 2018-06-08}
}
@misc{owasp10cheat,
  title={XSS (Cross Site Scripting) Prevention Cheat Sheet},
  author={OWASP},
  howpublished = {\url{https://www.owasp.org/index.php/XSS_(Cross_Site_Scripting)_Prevention_Cheat_Sheet}},
  note = {Accessed: 2018-06-08}
}
@article{thinkaloud,
  title={The think aloud method: a practical approach to modelling cognitive processes},
  author={Van Someren, MW and Barnard, YF and Sandberg, JAC},
  year={1994},
  publisher={Citeseer}
}
@inproceedings{wijaya,
  title={A Generic Cognitive Dimensions Questionnaire to Evaluate the Usability of Security APIs},
  author={Wijayarathna, Chamila and Arachchilage, Nalin A. G. and Slay, Jill},
  booktitle={International Conference on Human Aspects of Information Security, Privacy, and Trust},
  pages={160--173},
  year={2017},
  organization={Springer}
}
@inproceedings{wurster,
  title={The developer is the enemy},
  author={Wurster, Glenn and van Oorschot, Paul C},
  booktitle={Proceedings of the 2008 New Security Paradigms Workshop},
  pages={89--97},
  year={2009},
  organization={ACM}
}

